@InCollection{winner85,
author = {Langdon Winner},
title = {Do artifacts have politics?},
crossref = {mackenzie85},
pages = {26--38},
}

@Book{mackenzie85,
editor = {Donald MacKenzie and Judy Wajcman},
booktitle = {The social shaping of technology},
publisher = {Open University Press},
year = {1985},
address = {Buckingham},
}

@Book{lukes05,
author = {Steven Lukes},
title = {Power. A Radical View},
publisher = {Palgrave Macmillan},
year = {2005},
address = {Basingstoke}
}

@Article{nelimarkka11,
author = {Matti Nelimarkka},
title = {Viranomaiset ja sähköinen kansalaisosallistuminen -- asiantuntijahaastatteluiden perusteella luotu aktantiaalinen malli},
journal = {Hallinnon Tutkimus},
year = {2011},
volume = {30},
number = {2},
pages = {158--169},
annote = {Journal of the Finnish Association for Administrative Studies}
}
